@misc{cortex,
  author       = {{Safran Data Systems}},
  title        = {Cortex CRT - Software Defined Radio},
  year         = {n.d.},
  url          = {https://satsearch.co/products/safran-data-systems-cortex-crt},
  note         = {[cites April 14,2025]}
}
@techreport{bleideris2024xband,
  author      = {Marcis Bleideris},
  title       = {X-band Transmitter System Engineering CDR Milestone Report},
  institution = {VIRATEC},
  year        = {2024},
  type        = {Technical Report},
  //note        = {Filename: RPAX\_D7\_X\_band\_Transmitter\_System\_Engineering\_Report\_CDR.pdf}
}

@misc{nasajplfreq,
  author       = {{California Institute of Technology}},
  title        = {Frequency and Channel Assignments},
  year         = {2020},
  url          = {https://deepspace.jpl.nasa.gov/dsndocs/810-005/201/201D.pdf},
  note         = {[cites April 25, 2025]}
}
@misc{poweramplifieroverview,
  author       = {{CADENCE PCB SOLUTIONS}},
  title        = {RF Power Amplifiers: An Overview},
  year         = {2023},
  url          = {https://resources.pcb.cadence.com/blog/2023-rf-power-amplifiers-an-overview},
  note         = {[cites April 25, 2025]}
}
@misc{microwave_copsplit,
  author       = {microwave101},
  title        = {Couplers and Splitters},
  year         = {N/A},
  url          = {https://www.microwaves101.com/encyclopedias/couplers-and-splitters},
  note         = {[cites April 25, 2025]}
}
@misc{microwave_dircoupler,
  author       = {microwave101},
  title        = {Directional Couplers},
  year         = {N/A},
  url          = {https://www.microwaves101.com/encyclopedias/directional-couplers},
  note         = {[cites April 25, 2025]}
}

@misc{tiepie_diffmes,
  author       = {tiepie},
  title        = {Differential measurements},
  year         = {N/A},
  url          = {https://www.tiepie.com/en/articles/differential-measurements},
  note         = {[cites May 5, 2025]}
}

@misc{eval_board,
  author       = {Analog Devices},
  title        = {AD7293 Evaluation Board},
  year         = {N/A},
  url          = {https://www.analog.com/en/resources/evaluation-hardware-and-software/evaluation-boards-kits/EVAL-AD7293.html},
  note         = {[cites May 5, 2025]}
}
@misc{eval_board_mcu,
  author       = {{Analog Devices}},
  title        = {System Demonstration Platform},
  year         = {N/A},
  url          = {https://www.analog.com/en/resources/evaluation-hardware-and-software/evaluation-boards-kits/SDP-B.html?doc=EVAL-AD7293SDZ-UG-817.pdf},
  note         = {[cites May 5, 2025]}
}
@misc{pico,
  author       = {WizNet},
  title        = {W5500-EVB-Pico},
  year         = {2025},
  url          = {https://wiznet.io/products/evaluation-boards/w5500-evb-pico},
  note         = {cites May 5, 2025]}
}

@misc{DisIntCPA,
  author       = {Liam Riordan},
  title        = {Discrete- and Integrated Control of Power Amplifiers in Base-Station Applications},
  year         = {2008},
  url          = {https://www.analog.com/en/resources/analog-dialogue/articles/power-amplifier-control-in-base-stations.html},
  note         = {[cites May 5, 2025]}
}

@misc{rfpowerdetector,
  author       = {Bill Schweber},
  title        = {RF Power Measurement Using RMS Detectors},
  year         = {2014},
  url          = {https://www.digikey.lv/en/articles/rf-power-measurement-using-rms-detectors},
  note         = {[cites May 16, 2025]}
}

@misc{rfpowerdetector2,
  author       = {Louis E. Frenzel},
  title        = {RF Detectors ForWireless Devices},
  year         = {N/A},
  url          = {https://www.analog.com/media/en/technical-documentation/frequently-asked-questions/201551981detector_faq.pdf},
  note         = {[cites May 16, 2025]}
}

@misc{ad7293,
  author       = {{Analog Devices}},
  title        = {12-Bit Power Amplifier Current Controller},
  year         = {2018},
  url          = {https://www.analog.com/media/en/technical-documentation/data-sheets/ad7293.pdf},
  note         = {[cites May 16, 2025]}
}


@misc{amc7834,
  author       = {{Texas Instruments}},
  title        = {12-Bit Integrated Power-Amplifier Monitor and Control System},
  year         = {2014},
  url          = {https://www.ti.com/lit/ds/symlink/amc7834.pdf},
  note         = {[cites May 16, 2025]}
}

@misc{ad7294,
  author       = {{Analog Devices}},
  title        = {12-Bit Monitor and Control System},
  year         = {2016},
  url          = {https://www.analog.com/media/en/technical-documentation/data-sheets/ad7294.pdf},
  note         = {[cites May 16, 2025]}
}

@misc{amc7908,
  author       = {{Texas Instruments}},
  title        = {8-Channel Power-Amplifier Monitor and Controller},
  year         = {2024},
  url          = {https://www.ti.com/lit/ds/symlink/amc7908.pdf?ts=1747388138334},
  note         = {[cites May 16, 2025]}
}

@misc{metex_multimeter,
  author       = {{B\&B Electronics}},
  title        = {True RMS Handheld Multimeter},
  year         = {1997},
  url          = {https://data.kemt.fei.tuke.sk/Meranie_BC/_materialy/Pristroje/Multimeter%20metex%203640.pdf},
  note         = {[cites May 16, 2025]}
}

@misc{fluke_multimeter,
  author       = {{Fluke}},
  title        = {Industrial Multimeter},
  year         = {2022},
  url          = {https://www.fluke-direct.com/pdfs/cache/www.fluke-direct.com/87-5/datasheet/87-5-datasheet.pdf},
  note         = {[cites May 16, 2025]}
}

@misc{ltc5582,
  author       = {{Linear Technologies}},
  title        = {40MHz to 10GHz RMS Power Detector},
  year         = {2024},
  url          = {https://www.analog.com/media/en/technical-documentation/data-sheets/ltc5582.pdf},
  note         = {[cites May 16, 2025]}
}

@misc{adl5906,
  author       = {{Analog Devices}},
  title        = {10 MHz to 10 GHz, 67 dB TruPwr Detector},
  year         = {2023},
  url          = {https://www.analog.com/media/en/technical-documentation/data-sheets/adl5906.pdf},
  note         = {[cites May 16, 2025]}
}

@misc{adl5500,
  author       = {{Analog Devices}},
  title        = {100 MHz to 6 GH TruPwr Detector},
  year         = {2015},
  url          = {https://www.analog.com/media/en/technical-documentation/data-sheets/adl5500.pdf},
  note         = {[cites May 16, 2025]}
}

@misc{ltc5587id,
  author       = {{Linear Technologies}},
  title        = {6 GHz RMS Power Detector},
  year         = {2010},
  url          = {https://www.analog.com/media/en/technical-documentation/data-sheets/5587f.pdf},
  note         = {[cites May 16, 2025]}
}

@misc{s_param,
  author       = {{ROHDE \& SCHWARZ}},
  title        = {Understanding S-parameters},
  year         = {2020},
  url          = {https://www.rohde-schwarz.com/us/products/test-and-measurement/essentials-test-equipment/spectrum-analyzers/understanding-s-parameters_257831.html#gallery-7},
  note         = {[cites May 24, 2025]}
}

@misc{up_down_converters,
  author       = {everythingRF},
  title        = {Frequency Converters},
  year         = {N/A},
  url          = {https://www.everythingrf.com/browse/frequency-converters},
  note         = {[cites May 24, 2025]}
}

@misc{pre_amplifier,
  author       = {{KUHNE electronics}},
  title        = {RF power amplfiier 6400-6200 MHz 10W},
  year         = {N/A},
  url          = {https://shop.kuhne-electronic.com/kuhne/en/shop/professionell/prof-leistungsverst/KU+PA+640720-10+A+-+RF+Power+Amplifier/?card=494},
  note         = {[cites May 24, 2025]}
}


@misc{rf_power_mes_tech,
  author       = {Digikey},
  title        = {RF Power Measurement Techniques},
  year         = {2010},
  url          = {https://www.digikey.com/en/articles/rf-power-measurement-techniques?msockid=0874409c831564e81d9a5474823d658d},
  note         = {[cites May 24, 2025]}
}

@misc{24v_industrial_ps,
  author       = {TDK},
  title        = {AC-DC power supply},
  year         = {2024},
  url          = {https://product.tdk.com/en/search/power/switching-power/ac-dc-converter/info?part_no=CUS800M-24},
  note         = {[cites May 24, 2025]}
}

@misc{12v_industrial_ps,
  author       = {{MEAN WELL}},
  title        = {150W signle output switching power supply},
  year         = {2025},
  url          = {https://www.meanwell.com/Upload/PDF/LRS-150/LRS-150-SPEC.PDF},
  note         = {[cites May 24, 2025]}
}

@misc{rs_signal_generator,
  author       = {{ROHDE \& SCHWARZ}},
  title        = {Microwave Signal Generator},
  year         = {2004},
  url          = {https://www.testequipmenthq.com/datasheets/Rohde-Schwarz-SMP04-Datasheet.pdf},
  note         = {[cites May 24, 2025]}
}

@misc{rs_vna,
  author       = {{ROHDE \& SCHWARZ}},
  title        = {VECTOR NETWORK ANALYZER},
  year         = {2012},
  url          = {https://www.rftesolutions.com/pdf/analyzers/network_analyzers/ZVK40--Operating_Manual.pdf},
  note         = {[cites May 25, 2025]}
}

@misc{test_powersupply,
  author       = {BASETECH},
  title        = {BT-305},
  year         = {2011},
  url          = {https://cdn.soselectronic.com/productdata/31/2c/e2eb8346/bt-305.pdf},
  note         = {[cites May 25, 2025]}
}

@misc{programmable_load,
  author       = {SIGLENT},
  title        = {SDL100X Series Programmable DC Electronic Load},
  year         = {2019},
  url          = {https://siglentna.com/wp-content/uploads/dlm_uploads/2024/05/SDL1000X_DataSheet_DS0801X-E01F.pdf},
  note         = {[cites May 25, 2025]}
}

@misc{oscil,
  author       = {SIGLENT},
  title        = {Digital Oscilloscope},
  year         = {2020},
  url          = {https://telonic.co.uk/jg/wp-content/uploads/2021/08/Siglent-SDS1000X-U-Series-Datasheet-Telonic.pdf},
  note         = {[cites May 25, 2025]}
}

@misc{ws5500,
  author       = {WIZnet},
  title        = {WS5500 datasheet},
  year         = {2013},
  url          = {https://cdn.sparkfun.com/datasheets/Dev/Arduino/Shields/W5500_datasheet_v1.0.2_1.pdf},
  note         = {[cites May 26, 2025]}
}

@misc{bak_github,
  author       = {Rodrigo Laurinovičs},
  title        = {Bakalaura darba izstrādnes},
  year         = {2025},
  url          = {https://github.com/ElectroIGO/bak_rl},
  note         = {[cites May 29, 2025]}
}
